@article{comparison_deb,
author = {Zitzler, Eckart and Deb, Kalyanmoy and Thiele, Lothar},
title = {Comparison of Multiobjective Evolutionary Algorithms: Empirical Results},
journal = {Evolutionary Computation},
volume = {8},
number = {2},
year = {2000}
}
@article{comparison_2,
author = {Godinez, Adriana Cortes and Espinosa, Luis Ernesto Mancilla and Montes, Efren Mezura},
 title = {An Experimental Comparison of Multiobjective Algorithms: NSGA-{II} and {OMOPSO}},
 year = {2010},
 publisher = {IEEE Computer Society},
 booktitle = {Proceedings of the 2010 IEEE Electronics, Robotics and Automotive Mechanics Conference}
} 
@article{sensors,
title = "Multi-objective optimization for coverage control in wireless sensor network with adjustable sensing radius",
journal = "Computers \& Mathematics with Applications",
volume = "57",
number = "11",
year = "2009",
author = "Jie Jia and Jian Chen and Guiran Chang and Yingyou Wen and Jingping Song"
}
@article{pipes,
title = "Minimum connection of pipes for water distribution network in {A}gric {N}sima",
author = "Ebenezer Frimpong Ofobi",
journal = "",
volume = "Kwame Nkrumah University of Science and Technology",
abstract = "A Thesis submitted to the School of Graduate Studies, Kwame Nkrumah University of Science and Technology, Kumasi, in partial fulfilment of the requirements for the Degree of Master of Philosophy in Industrial Mathematics",
year = "2012"
}
@book{book,
author = {Deb, Kalyanmoy and Kalyanmoy, Deb},
title = {Multi-Objective Optimization Using Evolutionary Algorithms},
year = {2001},
publisher = {John Wiley \& Sons, Inc.},
}
@misc{wiki_optimization,
author = "Wikipedia",
title = "Mathematical optimization --- Wikipedia{,} The Free Encyclopedia",
year = "2017",
url = "https://en.wikipedia.org/w/index.php?title=Mathematical_optimization&oldid=783933761",
note = "Dostęp: 2017-06-02"
}
@misc{wiki_pl_optimization,
author = "Wikipedia",
title = "Optymalizacja --- Wikipedia{,} Wolna Encyklopedia",
year = "2017",
url = "https://pl.wikipedia.org/wiki/Optymalizacja?oldid=48954302",
note = "Dostęp: 2017-06-02"
}
@misc{wiki_pareto,
author = "Wikipedia",
title = "Pareto efficiency --- Wikipedia{,} The Free Encyclopedia",
year = "2017",
url = "https://en.wikipedia.org/w/index.php?title=Pareto_efficiency&oldid=784201037",
note = "Dostęp: 2017-06-03"
}
@book{book_ergot,
author = {Ehrgott, Matthias},
title = {Multicriteria Optimization},
year = {2005},
publisher = {Springer-Verlag New York, Inc.}
}
@Inbook{Nsga,
author="Deb, Kalyanmoy
and Agrawal, Samir
and Pratap, Amrit
and Meyarivan, T.",
title="A Fast Elitist Non-dominated Sorting Genetic Algorithm for Multi-objective Optimization: NSGA-II",
bookTitle="Parallel Problem Solving from Nature PPSN VI: 6th International Conference Paris, France, September 18--20, 2000 Proceedings",
year="2000",
publisher="Springer Berlin Heidelberg"
}
@article{kung,
 author = {Kung, H. T. and Luccio, F. and Preparata, F. P.},
 title = {On Finding the Maxima of a Set of Vectors},
 journal = {J. ACM},
 volume = {22},
 number = {4},
 year = {1975}
} 
@book{ga_book,
 author = {Mitchell, Melanie},
 title = {An  Introduction to Genetic Algorithms},
 year = {1998},
 address = {Cambridge, MA, USA},
  publisher = {MIT Press}
}
@ARTICLE{goldberg,
    author = {David E. Goldberg},
    title = {Real-coded Genetic Algorithms, Virtual Alphabets, and Blocking},
    journal = {Complex Systems},
    year = {1990},
    volume = {5}
}
@ARTICLE{tournament,
    author = {Brad L. Miller and Brad L. Miller and David E. Goldberg and David E. Goldberg},
    title = {Genetic Algorithms, Tournament Selection, and the Effects of Noise},
    journal = {Complex Systems},
    year = {1995},
    volume = {9}
}
@techreport{spea,
author = {E. Zitzler and L. Thiele},
title = {An Evolutionary Algorithm for Multiobjective Optimization: {T}he Strength {P}areto Approach},
institution = {Computer Engineering and Communication Networks Lab (TIK), Swiss Federal Institute of Technology (ETH)},
number = {43},
year = {1998} 
}
@INPROCEEDINGS{reeves,
    author = {Colin R. Reeves},
    title = {Using Genetic Algorithms With Small Populations},
    booktitle = {Proceedings of the Fifth International Conference on Genetic Algorithms},
    year = {1993}
}
@misc{pypy,
author = "Pypy",
title = "Pypy - Welcome to Pypy",
year = "2017",
url = "https://pypy.org/",
note = "Dostęp: 2017-05-10"
}
@misc{django,
author = "Django",
title = "Django: The Web framework for perfectionists with deadlines",
year = "2017",
url = "https://www.djangoproject.com/",
note = "Dostęp: 2017-05-10"
}




